<?xml version="1.0" encoding="UTF-8"?>
<record xmlns="http://www.loc.gov/MARC21/slim" xmlns:xsi="http://www.w3.org/2001/XMLSchema-instance" xsi:schemaLocation="http://www.loc.gov/MARC21/slim http://www.loc.gov/standards/marcxml/schema/MARC21slim.xsd">
<leader>00000cam a22      a 4500</leader>
<controlfield tag="001">001676404</controlfield>
<controlfield tag="003">NNU</controlfield>
<controlfield tag="005">20150728174418.0</controlfield>
<controlfield tag="008">960328m19141919iq            000 0 ara d</controlfield>
<datafield tag="035" ind1=" " ind2=" ">
<subfield code="a">(OCoLC)34482286</subfield>
<subfield code="z">(OCoLC)22211633</subfield>
</datafield>
<datafield tag="040" ind1=" " ind2=" ">
<subfield code="a">KUK</subfield>
<subfield code="b">eng</subfield>
<subfield code="c">KUK</subfield>
<subfield code="d">FUG</subfield>
<subfield code="d">OCLCQ</subfield>
<subfield code="d">OCLCG</subfield>
<subfield code="d">OCLCA</subfield>
<subfield code="d">OCLCQ</subfield>
<subfield code="d">OCLCA</subfield>
<subfield code="d">OCLCF</subfield>
<subfield code="d">OCLCQ</subfield>
<subfield code="d">OCLCO</subfield>
<subfield code="d">NNU</subfield>
</datafield>
<datafield tag="043" ind1=" " ind2=" ">
<subfield code="a">a-ir---</subfield>
<subfield code="a">a------</subfield>
<subfield code="a">f------</subfield>
</datafield>
<datafield tag="050" ind1=" " ind2="4">
<subfield code="a">DS272</subfield>
<subfield code="b">.I241 1914</subfield>
</datafield>
<datafield tag="100" ind1="1" ind2=" ">
<subfield code="6">880-01</subfield>
<subfield code="a">Ibn Miskawayh, Aḥmad ibn Muḥammad,</subfield>
<subfield code="d">-1030.</subfield>
</datafield>
<datafield tag="245" ind1="1" ind2="0">
<subfield code="6">880-02</subfield>
<subfield code="a">Kitāb tajārib al-umam /</subfield>
<subfield code="c">li-Abī ʻAlī Aḥmad ibn Muḥammad al-maʻrūf bi-Miskawayh ; [prepared by H.F. Amedroz and D.S. Margoliouth].</subfield>
</datafield>
<datafield tag="246" ind1="3" ind2=" ">
<subfield code="6">880-03</subfield>
<subfield code="a">Tajārib al-umam</subfield>
</datafield>
<datafield tag="260" ind1=" " ind2=" ">
<subfield code="6">880-04</subfield>
<subfield code="a">Miṣr :</subfield>
<subfield code="b">Sharikat al-Mudun Al-Ṣināʻiyah,</subfield>
<subfield code="c">1914-1919.</subfield>
</datafield>
<datafield tag="300" ind1=" " ind2=" ">
<subfield code="a">4 volumes in 3 ;</subfield>
<subfield code="c">25 cm</subfield>
</datafield>
<datafield tag="336" ind1=" " ind2=" ">
<subfield code="a">text</subfield>
<subfield code="b">txt</subfield>
<subfield code="2">rdacontent</subfield>
</datafield>
<datafield tag="337" ind1=" " ind2=" ">
<subfield code="a">unmediated</subfield>
<subfield code="b">n</subfield>
<subfield code="2">rdamedia</subfield>
</datafield>
<datafield tag="338" ind1=" " ind2=" ">
<subfield code="a">volume</subfield>
<subfield code="b">nc</subfield>
<subfield code="2">rdacarrier</subfield>
</datafield>
<datafield tag="500" ind1=" " ind2=" ">
<subfield code="a">Cover title.</subfield>
</datafield>
<datafield tag="500" ind1=" " ind2=" ">
<subfield code="a">Vol. 3 has title: Dhayl Kitāb tajārib al-umam.</subfield>
</datafield>
<datafield tag="500" ind1=" " ind2=" ">
<subfield code="a">On cover, v. 3-4: History of Hiläl as-Säbi (part 8), by Hiläl ibn al-Muhassin as-Sabi.</subfield>
</datafield>
<datafield tag="500" ind1=" " ind2=" ">
<subfield code="a">Romanized record.</subfield>
</datafield>
<datafield tag="500" ind1=" " ind2=" ">
<subfield code="a">In Arabic.</subfield>
</datafield>
<datafield tag="505" ind1="0" ind2=" ">
<subfield code="a">juzʼ 1-2. Sanat 295-329 h. [wa] sanat 329-369 h. (2 v. in 1) --juzʼ 3-4. Dhayl Kitāb tajārib al-umam, lil-wazīr Abī Shujāʻ, sanat 369-389 h. al-Juzʼ al-thāmin min Taʼrīkh Hilāl ibn al-Muḥassin al-Ṣābī, sanat 389-393 h. (2 v. in 1).</subfield>
</datafield>
<datafield tag="651" ind1=" " ind2="0">
<subfield code="a">Iran</subfield>
<subfield code="x">History.</subfield>
</datafield>
<datafield tag="651" ind1=" " ind2="0">
<subfield code="a">Islamic Empire</subfield>
<subfield code="x">History.</subfield>
</datafield>
<datafield tag="651" ind1=" " ind2="7">
<subfield code="a">Iran.</subfield>
<subfield code="2">fast</subfield>
<subfield code="0">(OCoLC)fst01204889</subfield>
</datafield>
<datafield tag="651" ind1=" " ind2="7">
<subfield code="a">Islamic Empire.</subfield>
<subfield code="2">fast</subfield>
<subfield code="0">(OCoLC)fst01244134</subfield>
</datafield>
<datafield tag="655" ind1=" " ind2="7">
<subfield code="a">History.</subfield>
<subfield code="2">fast</subfield>
<subfield code="0">(OCoLC)fst01411628</subfield>
</datafield>
<datafield tag="700" ind1="1" ind2=" ">
<subfield code="6">880-05</subfield>
<subfield code="a">Rūdhrāwarī, Abū Shujāʻ Muḥammad ibn al-Ḥusayn,</subfield>
<subfield code="d">1045-1095.</subfield>
</datafield>
<datafield tag="700" ind1="1" ind2=" ">
<subfield code="6">880-06</subfield>
<subfield code="a">Ṣābī, Hilāl ibn al-Muḥassin,</subfield>
<subfield code="d">970-1056.</subfield>
</datafield>
<datafield tag="700" ind1="1" ind2=" ">
<subfield code="6">880-07</subfield>
<subfield code="a">Amedroz, H. F.</subfield>
<subfield code="q">(Henry Frederick),</subfield>
<subfield code="d">1855-1917.</subfield>
</datafield>
<datafield tag="700" ind1="1" ind2=" ">
<subfield code="a">Margoliouth, D. S.</subfield>
<subfield code="q">(David Samuel),</subfield>
<subfield code="d">1858-1940.</subfield>
</datafield>
<datafield tag="740" ind1="0" ind2=" ">
<subfield code="6">880-08</subfield>
<subfield code="a">tajārib al-umam</subfield>
</datafield>
<datafield tag="776" ind1="0" ind2="8">
<subfield code="i">Online version:</subfield>
<subfield code="a">Ibn Miskawayh, Aḥmad ibn Muḥammad, -1030.</subfield>
<subfield code="t">Kitāb tajārib al-umam.</subfield>
<subfield code="d">Baghdād: yuṭlab min Maktabat al-Muthanná, 1914-1919</subfield>
<subfield code="w">(OCoLC)827199801</subfield>
</datafield>
<datafield tag="880" ind1="1" ind2=" ">
<subfield code="6">100-01/</subfield>
<subfield code="a">‏إبن مسكوية، احمد بن محمد،</subfield>
<subfield code="d">-1030.</subfield>
</datafield>
<datafield tag="880" ind1="1" ind2="0">
<subfield code="6">245-02/</subfield>
<subfield code="a">‏كتاب تجارب الامم /‏</subfield>
<subfield code="c">‏لأبي علي احمد بن محمد المعروف بمسكوية ؛ مع نخب من تواريخ شتى تتعلق بالامور المذكورة فيه وقد اعتنى بالنسخ و التصحيح ه‍. ف. آمدروز.</subfield>
</datafield>
<datafield tag="880" ind1="3" ind2=" ">
<subfield code="6">246-03/</subfield>
<subfield code="a">تجارب الامم</subfield>
</datafield>
<datafield tag="880" ind1=" " ind2=" ">
<subfield code="6">260-04/</subfield>
<subfield code="a">مصر :</subfield>
<subfield code="b">شركة المدن الصناعية،</subfield>
<subfield code="c">19141919.</subfield>
</datafield>
<datafield tag="880" ind1="1" ind2=" ">
<subfield code="6">700-05/</subfield>
<subfield code="a">روذراوري، ابو شجاع محمد بن الحسين،</subfield>
<subfield code="d">1045-1095.</subfield>
</datafield>
<datafield tag="880" ind1="1" ind2=" ">
<subfield code="6">700-06/</subfield>
<subfield code="a">صابي، هلال بن المحسن،</subfield>
<subfield code="d">970-1056.</subfield>
</datafield>
<datafield tag="880" ind1="1" ind2=" ">
<subfield code="6">700-07/</subfield>
<subfield code="a">امدرز، ه. ف.</subfield>
<subfield code="q">(هنري فردرك)،</subfield>
<subfield code="d">1855-1917.</subfield>
</datafield>
<datafield tag="880" ind1="0" ind2=" ">
<subfield code="6">740-08/</subfield>
<subfield code="a">‏تجارب الامم.</subfield>
</datafield>
<datafield tag="OWN" ind1=" " ind2=" ">
<subfield code="a">GENERAL</subfield>
</datafield>
<datafield tag="AVA" ind1=" " ind2=" ">
<subfield code="a">NYU50</subfield>
<subfield code="b">BOBST</subfield>
<subfield code="c">Main Collection</subfield>
<subfield code="d">DS76 .I35</subfield>
<subfield code="e">unavailable</subfield>
<subfield code="t">Unavailable</subfield>
<subfield code="f">1</subfield>
<subfield code="g">1</subfield>
<subfield code="h">Y</subfield>
<subfield code="i">1</subfield>
<subfield code="j">MAIN</subfield>
<subfield code="k">0</subfield>
</datafield>
</record>
